@book{4cs,
  author    = {Robin Wilson},
  title     = {Four Colors Suffice},
  publisher = {Princeton University Press},
  year      = 2002,
  isbn      = {0691115338}
}

@book{hoc,
  author    = {R.L. Graham and M. Grötschel and L. Lovász},
  title     = {Handbook of Combinatorics},
  publisher = {The MIT Press},
  year      = 1995,
  isbn      = {0262071703},
  volume    = 1
}

@article{proof,
  author    = {Kenneth Appel and Wolfgang Haken},
  title     = {Every Planar Math is Four Colorable},
  journal   = {Illinois Journal of Mathematics},
  year      = 1977
}

@article{proof2,
  author    = {Neil Robertson and Daniel P Sanders and Paul Seymor and Robin Thomas},
  title     = {The Four-Colour Theorem},
  journal   = {Journal of Combinatorial Theory, Series B},
  year      = 1997
}

@article{coloring-number,
  author    = {P. Erdős and A Hajnal},
  title     = {On chromatic number of graphs and set-systems},
  journal   = {Hungary Academy of Sciences},
  year      = 1966
}

@article{short-cycles,
  author    = {V. Müller},
  title     = {On colorings of graphs without short cycles},
  journal   = {Discrete Math},
  volume    = 26,
  year      = 1979
}

@article{chromatic-polynomial,
  author    = {G.D Birkhoff},
  title     = {A determinant formula for the number of ways of colouring a map},
  journal   = {The Annals of Mathematics},
  volume    = 14,
  year      = 1912
}
